@misc{artetxe2018robust,
    title={A robust self-learning method for fully unsupervised cross-lingual mappings of word embeddings},
    author={Mikel Artetxe and Gorka Labaka and Eneko Agirre},
    year={2018},
    eprint={1805.06297},
    archivePrefix={arXiv},
    primaryClass={cs.CL},
    url={https://arxiv.org/abs/1805.06297}
}
@misc{vaswani2017attention,
    title={Attention Is All You Need},
    author={Ashish Vaswani and Noam Shazeer and Niki Parmar and Jakob Uszkoreit and Llion Jones and Aidan N. Gomez and Lukasz Kaiser and Illia Polosukhin},
    year={2017},
    eprint={1706.03762},
    archivePrefix={arXiv},
    primaryClass={cs.CL},
    url={https://arxiv.org/abs/1706.03762}
}
@misc{goodfellow2014generative,
    title={Generative Adversarial Networks},
    author={Ian J. Goodfellow and Jean Pouget-Abadie and Mehdi Mirza and Bing Xu and David Warde-Farley and Sherjil Ozair and Aaron Courville and Yoshua Bengio},
    year={2014},
    eprint={1406.2661},
    archivePrefix={arXiv},
    primaryClass={stat.ML},
    url={https://arxiv.org/abs/1406.2661}
}
@misc{rashid2019bilingualgan,
    title={Bilingual-GAN: A Step Towards Parallel Text Generation},
    author={Ahmad Rashid and Alan Do-Omri and Md. Akmal Haidar and Qun Liu and Mehdi Rezagholizadeh},
    year={2019},
    eprint={1904.04742},
    archivePrefix={arXiv},
    primaryClass={cs.CL},
    url={https://arxiv.org/abs/1904.04742}
}