@misc{artetxe2018robust,
    title={A robust self-learning method for fully unsupervised cross-lingual mappings of word embeddings},
    author={Mikel Artetxe and Gorka Labaka and Eneko Agirre},
    year={2018},
    eprint={1805.06297},
    archivePrefix={arXiv},
    primaryClass={cs.CL},
    url={https://arxiv.org/abs/1805.06297}
}
@misc{vaswani2017attention,
    title={Attention Is All You Need},
    author={Ashish Vaswani and Noam Shazeer and Niki Parmar and Jakob Uszkoreit and Llion Jones and Aidan N. Gomez and Lukasz Kaiser and Illia Polosukhin},
    year={2017},
    eprint={1706.03762},
    archivePrefix={arXiv},
    primaryClass={cs.CL},
    url={https://arxiv.org/abs/1706.03762}
}
@misc{rashid2019bilingualgan,
    title={Bilingual-GAN: A Step Towards Parallel Text Generation},
    author={Ahmad Rashid and Alan Do-Omri and Md. Akmal Haidar and Qun Liu and Mehdi Rezagholizadeh},
    year={2019},
    eprint={1904.04742},
    archivePrefix={arXiv},
    primaryClass={cs.CL},
    url={https://arxiv.org/abs/1904.04742}
}
@article{DBLP:journals/corr/abs-1905-03288,
    author    = {Farhana Sultana and
            Abu Sufian and
            Paramartha Dutta},
    title     = {Advancements in Image Classification using Convolutional Neural Network},
    journal   = {CoRR},
    volume    = {abs/1905.03288},
    year      = {2019},
    url       = {http://arxiv.org/abs/1905.03288},
    archivePrefix = {arXiv},
    eprint    = {1905.03288},
    timestamp = {Mon, 12 Aug 2019 16:55:47 +0200},
    biburl    = {https://dblp.org/rec/bib/journals/corr/abs-1905-03288},
    bibsource = {dblp computer science bibliography, https://dblp.org}
}
@online{GoogleTranslate,
    author = {Barak Turovsky},
    title = {Found in translation: More accurate, fluent sentences in Google Translate},
    year = {2016},
    url = {https://blog.google/products/translate/found-translation-more-accurate-fluent-sentences-google-translate/},
    urldate = {2020-01-17}
}