@book{artin2011algebra,
    title={Algebra},
    author={Artin, M.},
    isbn={9780132413770},
    lccn={2010017573},
    year={2011},
    publisher={Pearson Prentice Hall}
}
